@article{husic2018markov,
  title={Markov state models: From an art to a science},
  author={Husic, Brooke E and Pande, Vijay S},
  journal={Journal of the American Chemical Society},
  volume={140},
  number={7},
  pages={2386--2396},
  year={2018},
  publisher={ACS Publications}
}


@article{chodera2007automatic,
  title={Automatic discovery of metastable states for the construction of Markov models of macromolecular conformational dynamics},
  author={Chodera, John D and Singhal, Nina and Pande, Vijay S and Dill, Ken A and Swope, William C},
  journal={The Journal of chemical physics},
  volume={126},
  number={15},
  year={2007},
  publisher={AIP Publishing}
}
@article{pande2010everything,
  title={Everything you wanted to know about Markov State Models but were afraid to ask},
  author={Pande, Vijay S and Beauchamp, Kyle and Bowman, Gregory R},
  journal={Methods},
  volume={52},
  number={1},
  pages={99--105},
  year={2010},
  publisher={Elsevier}
}


@article{bowman2012equilibrium,
  title={Equilibrium fluctuations of a single folded protein reveal a multitude of potential cryptic allosteric sites},
  author={Bowman, Gregory R and Geissler, Phillip L},
  journal={Proceedings of the National Academy of Sciences},
  volume={109},
  number={29},
  pages={11681--11686},
  year={2012},
  publisher={National Acad Sciences}
}

@article{bowman2009progress,
  title={Progress and challenges in the automated construction of Markov state models for full protein systems},
  author={Bowman, Gregory R and Beauchamp, Kyle A and Boxer, George and Pande, Vijay S},
  journal={The Journal of chemical physics},
  volume={131},
  number={12},
  year={2009},
  publisher={AIP Publishing}
}

@article{snow2005well,
  title={How well can simulation predict protein folding kinetics and thermodynamics?},
  author={Snow, Christopher D and Sorin, Eric J and Rhee, Young Min and Pande, Vijay S},
  journal={Annu. Rev. Biophys. Biomol. Struct.},
  volume={34},
  number={1},
  pages={43--69},
  year={2005},
  publisher={Annual Reviews}
}



